@book{Mohan_2003,
    place={Hoboken, NJ}, 
    title={Power Electronics: Converters, Applications, and Design},
    publisher={Oxford University Press},
    author={Mohan, N. and Undeland, T. M. and  Robbins, W. P.},
    year={2003}
}
@misc{core,
  title = "\href{https://www.mag-inc.com/Media/Magnetics/Datasheets/0R45959EC.pdf}{0R45959EC R Material Core}",
  howpublished = "\url{https://www.mag-inc.com/Media/Magnetics/Datasheets/0R45959EC.pdf}"
}
@misc{mosfet,
  title = "\href{https://pdf.direnc.net/upload/irf740a-datasheet.pdf}{IRF 740 N POWER MOSFET}",
  howpublished = "\url{https://pdf.direnc.net/upload/irf740a-datasheet.pdf}"
}
@misc{topology,
  title = "\href{https://www.mouser.com/pdfdocs/2-10.pdf}{Forward Converter Topology}",
  howpublished = "\url{https://www.mouser.com/pdfdocs/2-10.pdf}"
}
@misc{uc3844,
  title = "\href{https://www.onsemi.com/pub/Collateral/UC3844-D.PDF}{UC3844 PWM controller}",
  howpublished = "\url{https://www.onsemi.com/pub/Collateral/UC3844-D.PDF}"
}
@misc{capacitor,
  title = "\href{https://www.mouser.com.tr/datasheet/2/445/860080675012-1726029.pdf}{Capacitor}",
  howpublished = "\url{https://www.mouser.com.tr/datasheet/2/445/860080675012-1726029.pdf}"
}
@misc{diode,
  title = "\href{https://ixapps.ixys.com/Datasheet/DPG10I200PM.pdf}{DPG diode}",
  howpublished = "\url{https://ixapps.ixys.com/Datasheet/DPG10I200PM.pdf}"
}
